@misc{datawrangler2023,
  title = {Data Wrangler Extension for Exploratory Data Cleaning},
  author = {Microsoft},
  year = {2023},
  note = {Disponible en: \url{https://marketplace.visualstudio.com/items?itemName=ms-toolsai.datawrangler}}
}
